%YAML 1.1
%TAG !u! tag:unity3d.com,2011:
--- !u!29 &1
OcclusionCullingSettings:
  m_ObjectHideFlags: 0
  serializedVersion: 2
  m_OcclusionBakeSettings:
    smallestOccluder: 5
    smallestHole: 0.25
    backfaceThreshold: 100
  m_SceneGUID: 00000000000000000000000000000000
  m_OcclusionCullingData: {fileID: 0}
--- !u!104 &2
RenderSettings:
  m_ObjectHideFlags: 0
  serializedVersion: 8
  m_Fog: 0
  m_FogColor: {r: 0.5, g: 0.5, b: 0.5, a: 1}
  m_FogMode: 3
  m_FogDensity: 0.01
  m_LinearFogStart: 0
  m_LinearFogEnd: 300
  m_AmbientSkyColor: {r: 0.2, g: 0.2, b: 0.2, a: 1}
  m_AmbientEquatorColor: {r: 0.2, g: 0.2, b: 0.2, a: 1}
  m_AmbientGroundColor: {r: 0.2, g: 0.2, b: 0.2, a: 1}
  m_AmbientIntensity: 1
  m_AmbientMode: 3
  m_SubtractiveShadowColor: {r: 0.42, g: 0.478, b: 0.627, a: 1}
  m_SkyboxMaterial: {fileID: 2100000, guid: 1ce746eab45682a42bbeeea21e016bbc, type: 2}
  m_HaloStrength: 0.5
  m_FlareStrength: 1
  m_FlareFadeSpeed: 3
  m_HaloTexture: {fileID: 0}
  m_SpotCookie: {fileID: 10001, guid: 0000000000000000e000000000000000, type: 0}
  m_DefaultReflectionMode: 0
  m_DefaultReflectionResolution: 128
  m_ReflectionBounces: 1
  m_ReflectionIntensity: 1
  m_CustomReflection: {fileID: 0}
  m_Sun: {fileID: 0}
  m_IndirectSpecularColor: {r: 0, g: 0, b: 0, a: 1}
--- !u!157 &4
LightmapSettings:
  m_ObjectHideFlags: 0
  serializedVersion: 9
  m_GIWorkflowMode: 1
  m_GISettings:
    serializedVersion: 2
    m_BounceScale: 1
    m_IndirectOutputScale: 1
    m_AlbedoBoost: 1
    m_TemporalCoherenceThreshold: 1
    m_EnvironmentLightingMode: 0
    m_EnableBakedLightmaps: 1
    m_EnableRealtimeLightmaps: 0
  m_LightmapEditorSettings:
    serializedVersion: 8
    m_Resolution: 1
    m_BakeResolution: 50
    m_TextureWidth: 1024
    m_TextureHeight: 1024
    m_AO: 1
    m_AOMaxDistance: 1
    m_CompAOExponent: 1
    m_CompAOExponentDirect: 0
    m_Padding: 2
    m_LightmapParameters: {fileID: 0}
    m_LightmapsBakeMode: 1
    m_TextureCompression: 0
    m_FinalGather: 0
    m_FinalGatherFiltering: 1
    m_FinalGatherRayCount: 256
    m_ReflectionCompression: 2
    m_MixedBakeMode: 1
    m_BakeBackend: 0
    m_PVRSampling: 1
    m_PVRDirectSampleCount: 32
    m_PVRSampleCount: 500
    m_PVRBounces: 2
    m_PVRFiltering: 0
    m_PVRFilteringMode: 1
    m_PVRCulling: 1
    m_PVRFilteringGaussRadiusDirect: 1
    m_PVRFilteringGaussRadiusIndirect: 5
    m_PVRFilteringGaussRadiusAO: 2
    m_PVRFilteringAtrousColorSigma: 1
    m_PVRFilteringAtrousNormalSigma: 1
    m_PVRFilteringAtrousPositionSigma: 1
  m_LightingDataAsset: {fileID: 0}
  m_ShadowMaskMode: 2
--- !u!196 &5
NavMeshSettings:
  serializedVersion: 2
  m_ObjectHideFlags: 0
  m_BuildSettings:
    serializedVersion: 2
    agentTypeID: 0
    agentRadius: 0.5
    agentHeight: 2
    agentSlope: 45
    agentClimb: 0.4
    ledgeDropHeight: 0
    maxJumpAcrossDistance: 0
    minRegionArea: 2
    manualCellSize: 0
    cellSize: 0.16666666
    manualTileSize: 0
    tileSize: 256
    accuratePlacement: 0
  m_NavMeshData: {fileID: 0}
--- !u!1 &522857983
GameObject:
  m_ObjectHideFlags: 0
  m_PrefabParentObject: {fileID: 100000, guid: 702b974b6cefc43fd957e67a9521bd55, type: 3}
  m_PrefabInternal: {fileID: 1620957174}
  serializedVersion: 5
  m_Component:
  - component: {fileID: 522857986}
  - component: {fileID: 522857985}
  - component: {fileID: 522857984}
  m_Layer: 0
  m_Name: NorthernLightsCurtain
  m_TagString: Untagged
  m_Icon: {fileID: 0}
  m_NavMeshLayer: 0
  m_StaticEditorFlags: 0
  m_IsActive: 1
--- !u!23 &522857984
MeshRenderer:
  m_ObjectHideFlags: 0
  m_PrefabParentObject: {fileID: 2300000, guid: 702b974b6cefc43fd957e67a9521bd55,
    type: 3}
  m_PrefabInternal: {fileID: 1620957174}
  m_GameObject: {fileID: 522857983}
  m_Enabled: 1
  m_CastShadows: 1
  m_ReceiveShadows: 1
  m_MotionVectors: 1
  m_LightProbeUsage: 1
  m_ReflectionProbeUsage: 1
  m_Materials:
  - {fileID: 2100000, guid: cc0b85f67738941dfb5d2c21aa23f548, type: 2}
  m_StaticBatchInfo:
    firstSubMesh: 0
    subMeshCount: 0
  m_StaticBatchRoot: {fileID: 0}
  m_ProbeAnchor: {fileID: 0}
  m_LightProbeVolumeOverride: {fileID: 0}
  m_ScaleInLightmap: 1
  m_PreserveUVs: 0
  m_IgnoreNormalsForChartDetection: 0
  m_ImportantGI: 0
  m_SelectedEditorRenderState: 3
  m_MinimumChartSize: 4
  m_AutoUVMaxDistance: 0.5
  m_AutoUVMaxAngle: 89
  m_LightmapParameters: {fileID: 0}
  m_SortingLayerID: 0
  m_SortingLayer: 0
  m_SortingOrder: 0
--- !u!33 &522857985
MeshFilter:
  m_ObjectHideFlags: 0
  m_PrefabParentObject: {fileID: 3300000, guid: 702b974b6cefc43fd957e67a9521bd55,
    type: 3}
  m_PrefabInternal: {fileID: 1620957174}
  m_GameObject: {fileID: 522857983}
  m_Mesh: {fileID: 4300000, guid: 702b974b6cefc43fd957e67a9521bd55, type: 3}
--- !u!4 &522857986
Transform:
  m_ObjectHideFlags: 0
  m_PrefabParentObject: {fileID: 400000, guid: 702b974b6cefc43fd957e67a9521bd55, type: 3}
  m_PrefabInternal: {fileID: 1620957174}
  m_GameObject: {fileID: 522857983}
  m_LocalRotation: {x: -0.00000003774895, y: 0, z: -0, w: 1}
  m_LocalPosition: {x: 56871, y: 0, z: 0}
  m_LocalScale: {x: 100, y: 100, z: 100}
  m_Children: []
  m_Father: {fileID: 0}
  m_RootOrder: 2
  m_LocalEulerAnglesHint: {x: 0, y: 0, z: 0}
--- !u!1 &566668196
GameObject:
  m_ObjectHideFlags: 0
  m_PrefabParentObject: {fileID: 100000, guid: 7d5c86128cf16445ea9dcb1946accf73, type: 3}
  m_PrefabInternal: {fileID: 1962111569}
  serializedVersion: 5
  m_Component:
  - component: {fileID: 566668199}
  - component: {fileID: 566668198}
  - component: {fileID: 566668197}
  m_Layer: 0
  m_Name: NorthernLightsParticle
  m_TagString: Untagged
  m_Icon: {fileID: 0}
  m_NavMeshLayer: 0
  m_StaticEditorFlags: 0
  m_IsActive: 1
--- !u!23 &566668197
MeshRenderer:
  m_ObjectHideFlags: 0
  m_PrefabParentObject: {fileID: 2300000, guid: 7d5c86128cf16445ea9dcb1946accf73,
    type: 3}
  m_PrefabInternal: {fileID: 1962111569}
  m_GameObject: {fileID: 566668196}
  m_Enabled: 1
  m_CastShadows: 1
  m_ReceiveShadows: 1
  m_MotionVectors: 1
  m_LightProbeUsage: 1
  m_ReflectionProbeUsage: 1
  m_Materials:
  - {fileID: 2100000, guid: 195f20c3b14d749939a170fa5971dbb7, type: 2}
  m_StaticBatchInfo:
    firstSubMesh: 0
    subMeshCount: 0
  m_StaticBatchRoot: {fileID: 0}
  m_ProbeAnchor: {fileID: 0}
  m_LightProbeVolumeOverride: {fileID: 0}
  m_ScaleInLightmap: 1
  m_PreserveUVs: 0
  m_IgnoreNormalsForChartDetection: 0
  m_ImportantGI: 0
  m_SelectedEditorRenderState: 3
  m_MinimumChartSize: 4
  m_AutoUVMaxDistance: 0.5
  m_AutoUVMaxAngle: 89
  m_LightmapParameters: {fileID: 0}
  m_SortingLayerID: 0
  m_SortingLayer: 0
  m_SortingOrder: 0
--- !u!33 &566668198
MeshFilter:
  m_ObjectHideFlags: 0
  m_PrefabParentObject: {fileID: 3300000, guid: 7d5c86128cf16445ea9dcb1946accf73,
    type: 3}
  m_PrefabInternal: {fileID: 1962111569}
  m_GameObject: {fileID: 566668196}
  m_Mesh: {fileID: 4300000, guid: 7d5c86128cf16445ea9dcb1946accf73, type: 3}
--- !u!4 &566668199
Transform:
  m_ObjectHideFlags: 0
  m_PrefabParentObject: {fileID: 400000, guid: 7d5c86128cf16445ea9dcb1946accf73, type: 3}
  m_PrefabInternal: {fileID: 1962111569}
  m_GameObject: {fileID: 566668196}
  m_LocalRotation: {x: 1, y: 0, z: -0, w: 0.0000000754979}
  m_LocalPosition: {x: 0, y: 0, z: 0}
  m_LocalScale: {x: 100, y: 100, z: 100}
  m_Children: []
  m_Father: {fileID: 0}
  m_RootOrder: 1
  m_LocalEulerAnglesHint: {x: 0, y: 0, z: 0}
--- !u!1 &1189380938
GameObject:
  m_ObjectHideFlags: 0
  m_PrefabParentObject: {fileID: 0}
  m_PrefabInternal: {fileID: 0}
  serializedVersion: 5
  m_Component:
  - component: {fileID: 1189380939}
  - component: {fileID: 1189380940}
  - component: {fileID: 1189380942}
  - component: {fileID: 1189380943}
  - component: {fileID: 1189380941}
  - component: {fileID: 1189380945}
  m_Layer: 0
  m_Name: Main Camera
  m_TagString: MainCamera
  m_Icon: {fileID: 0}
  m_NavMeshLayer: 0
  m_StaticEditorFlags: 0
  m_IsActive: 1
--- !u!4 &1189380939
Transform:
  m_ObjectHideFlags: 0
  m_PrefabParentObject: {fileID: 0}
  m_PrefabInternal: {fileID: 0}
  m_GameObject: {fileID: 1189380938}
  m_LocalRotation: {x: 0, y: 0, z: 0, w: 1}
  m_LocalPosition: {x: 0, y: 1, z: -10}
  m_LocalScale: {x: 1, y: 1, z: 1}
  m_Children: []
  m_Father: {fileID: 0}
  m_RootOrder: 0
  m_LocalEulerAnglesHint: {x: 0, y: 0, z: 0}
--- !u!20 &1189380940
Camera:
  m_ObjectHideFlags: 0
  m_PrefabParentObject: {fileID: 0}
  m_PrefabInternal: {fileID: 0}
  m_GameObject: {fileID: 1189380938}
  m_Enabled: 1
  serializedVersion: 2
  m_ClearFlags: 1
  m_BackGroundColor: {r: 0.19215687, g: 0.3019608, b: 0.4745098, a: 0.019607844}
  m_NormalizedViewPortRect:
    serializedVersion: 2
    x: 0
    y: 0
    width: 1
    height: 1
  near clip plane: 0.3
  far clip plane: 1000
  field of view: 60
  orthographic: 0
  orthographic size: 100
  m_Depth: -1
  m_CullingMask:
    serializedVersion: 2
    m_Bits: 4294967295
  m_RenderingPath: -1
  m_TargetTexture: {fileID: 0}
  m_TargetDisplay: 0
  m_TargetEye: 3
  m_HDR: 0
  m_AllowMSAA: 1
  m_ForceIntoRT: 0
  m_OcclusionCulling: 1
  m_StereoConvergence: 10
  m_StereoSeparation: 0.022
  m_StereoMirrorMode: 0
--- !u!81 &1189380941
AudioListener:
  m_ObjectHideFlags: 0
  m_PrefabParentObject: {fileID: 0}
  m_PrefabInternal: {fileID: 0}
  m_GameObject: {fileID: 1189380938}
  m_Enabled: 1
--- !u!92 &1189380942
Behaviour:
  m_ObjectHideFlags: 0
  m_PrefabParentObject: {fileID: 0}
  m_PrefabInternal: {fileID: 0}
  m_GameObject: {fileID: 1189380938}
  m_Enabled: 1
--- !u!124 &1189380943
Behaviour:
  m_ObjectHideFlags: 0
  m_PrefabParentObject: {fileID: 0}
  m_PrefabInternal: {fileID: 0}
  m_GameObject: {fileID: 1189380938}
  m_Enabled: 1
--- !u!114 &1189380945
MonoBehaviour:
  m_ObjectHideFlags: 0
  m_PrefabParentObject: {fileID: 0}
  m_PrefabInternal: {fileID: 0}
  m_GameObject: {fileID: 1189380938}
  m_Enabled: 1
  m_EditorHideFlags: 0
  m_Script: {fileID: 11500000, guid: f4a101c7128603747a2c789deb457220, type: 3}
  m_Name: 
  m_EditorClassIdentifier: 
  target: {fileID: 0}
  targetOffset: {x: 0, y: 0, z: 0}
  distance: 5
  maxDistance: 20
  minDistance: 0.6
  xSpeed: 200
  ySpeed: 200
  yMinLimit: -360
  yMaxLimit: 360
  zoomRate: 40
  panSpeed: 0.3
  zoomDampening: 5
  autoRotate: 0
--- !u!1 &1611772128
GameObject:
  m_ObjectHideFlags: 0
  m_PrefabParentObject: {fileID: 100000, guid: 702b974b6cefc43fd957e67a9521bd55, type: 3}
  m_PrefabInternal: {fileID: 2103578461}
  serializedVersion: 5
  m_Component:
  - component: {fileID: 1611772131}
  - component: {fileID: 1611772130}
  - component: {fileID: 1611772129}
  m_Layer: 0
  m_Name: NorthernLightsCurtain (1)
  m_TagString: Untagged
  m_Icon: {fileID: 0}
  m_NavMeshLayer: 0
  m_StaticEditorFlags: 0
  m_IsActive: 1
--- !u!23 &1611772129
MeshRenderer:
  m_ObjectHideFlags: 0
  m_PrefabParentObject: {fileID: 2300000, guid: 702b974b6cefc43fd957e67a9521bd55,
    type: 3}
  m_PrefabInternal: {fileID: 2103578461}
  m_GameObject: {fileID: 1611772128}
  m_Enabled: 1
  m_CastShadows: 1
  m_ReceiveShadows: 1
  m_MotionVectors: 1
  m_LightProbeUsage: 1
  m_ReflectionProbeUsage: 1
  m_Materials:
  - {fileID: 2100000, guid: cc0b85f67738941dfb5d2c21aa23f548, type: 2}
  m_StaticBatchInfo:
    firstSubMesh: 0
    subMeshCount: 0
  m_StaticBatchRoot: {fileID: 0}
  m_ProbeAnchor: {fileID: 0}
  m_LightProbeVolumeOverride: {fileID: 0}
  m_ScaleInLightmap: 1
  m_PreserveUVs: 0
  m_IgnoreNormalsForChartDetection: 0
  m_ImportantGI: 0
  m_SelectedEditorRenderState: 3
  m_MinimumChartSize: 4
  m_AutoUVMaxDistance: 0.5
  m_AutoUVMaxAngle: 89
  m_LightmapParameters: {fileID: 0}
  m_SortingLayerID: 0
  m_SortingLayer: 0
  m_SortingOrder: 0
--- !u!33 &1611772130
MeshFilter:
  m_ObjectHideFlags: 0
  m_PrefabParentObject: {fileID: 3300000, guid: 702b974b6cefc43fd957e67a9521bd55,
    type: 3}
  m_PrefabInternal: {fileID: 2103578461}
  m_GameObject: {fileID: 1611772128}
  m_Mesh: {fileID: 4300000, guid: 702b974b6cefc43fd957e67a9521bd55, type: 3}
--- !u!4 &1611772131
Transform:
  m_ObjectHideFlags: 0
  m_PrefabParentObject: {fileID: 400000, guid: 702b974b6cefc43fd957e67a9521bd55, type: 3}
  m_PrefabInternal: {fileID: 2103578461}
  m_GameObject: {fileID: 1611772128}
  m_LocalRotation: {x: 0.003793078, y: -0.48797932, z: -0.0006312756, w: 0.8728468}
  m_LocalPosition: {x: 61935, y: 8734, z: 47342}
  m_LocalScale: {x: 100, y: 100, z: 100}
  m_Children: []
  m_Father: {fileID: 0}
  m_RootOrder: 3
  m_LocalEulerAnglesHint: {x: 0.344, y: -58.417004, z: -0.275}
--- !u!1001 &1620957174
Prefab:
  m_ObjectHideFlags: 0
  serializedVersion: 2
  m_Modification:
    m_TransformParent: {fileID: 0}
    m_Modifications:
    - target: {fileID: 400000, guid: 702b974b6cefc43fd957e67a9521bd55, type: 3}
      propertyPath: m_LocalPosition.x
      value: 56871
      objectReference: {fileID: 0}
    - target: {fileID: 400000, guid: 702b974b6cefc43fd957e67a9521bd55, type: 3}
      propertyPath: m_LocalPosition.y
      value: 0
      objectReference: {fileID: 0}
    - target: {fileID: 400000, guid: 702b974b6cefc43fd957e67a9521bd55, type: 3}
      propertyPath: m_LocalPosition.z
      value: 0
      objectReference: {fileID: 0}
    - target: {fileID: 400000, guid: 702b974b6cefc43fd957e67a9521bd55, type: 3}
      propertyPath: m_LocalRotation.x
      value: -0.00000003774895
      objectReference: {fileID: 0}
    - target: {fileID: 400000, guid: 702b974b6cefc43fd957e67a9521bd55, type: 3}
      propertyPath: m_LocalRotation.y
      value: 0
      objectReference: {fileID: 0}
    - target: {fileID: 400000, guid: 702b974b6cefc43fd957e67a9521bd55, type: 3}
      propertyPath: m_LocalRotation.z
      value: -0
      objectReference: {fileID: 0}
    - target: {fileID: 400000, guid: 702b974b6cefc43fd957e67a9521bd55, type: 3}
      propertyPath: m_LocalRotation.w
      value: 1
      objectReference: {fileID: 0}
    - target: {fileID: 400000, guid: 702b974b6cefc43fd957e67a9521bd55, type: 3}
      propertyPath: m_RootOrder
      value: 2
      objectReference: {fileID: 0}
    m_RemovedComponents: []
  m_ParentPrefab: {fileID: 100100000, guid: 702b974b6cefc43fd957e67a9521bd55, type: 3}
  m_RootGameObject: {fileID: 522857983}
  m_IsPrefabParent: 0
--- !u!1001 &1962111569
Prefab:
  m_ObjectHideFlags: 0
  serializedVersion: 2
  m_Modification:
    m_TransformParent: {fileID: 0}
    m_Modifications:
    - target: {fileID: 400000, guid: 7d5c86128cf16445ea9dcb1946accf73, type: 3}
      propertyPath: m_LocalPosition.x
      value: 0
      objectReference: {fileID: 0}
    - target: {fileID: 400000, guid: 7d5c86128cf16445ea9dcb1946accf73, type: 3}
      propertyPath: m_LocalPosition.y
      value: 0
      objectReference: {fileID: 0}
    - target: {fileID: 400000, guid: 7d5c86128cf16445ea9dcb1946accf73, type: 3}
      propertyPath: m_LocalPosition.z
      value: 0
      objectReference: {fileID: 0}
    - target: {fileID: 400000, guid: 7d5c86128cf16445ea9dcb1946accf73, type: 3}
      propertyPath: m_LocalRotation.x
      value: 1
      objectReference: {fileID: 0}
    - target: {fileID: 400000, guid: 7d5c86128cf16445ea9dcb1946accf73, type: 3}
      propertyPath: m_LocalRotation.y
      value: 0
      objectReference: {fileID: 0}
    - target: {fileID: 400000, guid: 7d5c86128cf16445ea9dcb1946accf73, type: 3}
      propertyPath: m_LocalRotation.z
      value: -0
      objectReference: {fileID: 0}
    - target: {fileID: 400000, guid: 7d5c86128cf16445ea9dcb1946accf73, type: 3}
      propertyPath: m_LocalRotation.w
      value: 0.0000000754979
      objectReference: {fileID: 0}
    - target: {fileID: 400000, guid: 7d5c86128cf16445ea9dcb1946accf73, type: 3}
      propertyPath: m_RootOrder
      value: 1
      objectReference: {fileID: 0}
    m_RemovedComponents: []
  m_ParentPrefab: {fileID: 100100000, guid: 7d5c86128cf16445ea9dcb1946accf73, type: 3}
  m_RootGameObject: {fileID: 566668196}
  m_IsPrefabParent: 0
--- !u!1001 &2103578461
Prefab:
  m_ObjectHideFlags: 0
  serializedVersion: 2
  m_Modification:
    m_TransformParent: {fileID: 0}
    m_Modifications:
    - target: {fileID: 400000, guid: 702b974b6cefc43fd957e67a9521bd55, type: 3}
      propertyPath: m_LocalPosition.x
      value: 61935
      objectReference: {fileID: 0}
    - target: {fileID: 400000, guid: 702b974b6cefc43fd957e67a9521bd55, type: 3}
      propertyPath: m_LocalPosition.y
      value: 8734
      objectReference: {fileID: 0}
    - target: {fileID: 400000, guid: 702b974b6cefc43fd957e67a9521bd55, type: 3}
      propertyPath: m_LocalPosition.z
      value: 47342
      objectReference: {fileID: 0}
    - target: {fileID: 400000, guid: 702b974b6cefc43fd957e67a9521bd55, type: 3}
      propertyPath: m_LocalRotation.x
      value: 0.003793078
      objectReference: {fileID: 0}
    - target: {fileID: 400000, guid: 702b974b6cefc43fd957e67a9521bd55, type: 3}
      propertyPath: m_LocalRotation.y
      value: -0.48797932
      objectReference: {fileID: 0}
    - target: {fileID: 400000, guid: 702b974b6cefc43fd957e67a9521bd55, type: 3}
      propertyPath: m_LocalRotation.z
      value: -0.0006312756
      objectReference: {fileID: 0}
    - target: {fileID: 400000, guid: 702b974b6cefc43fd957e67a9521bd55, type: 3}
      propertyPath: m_LocalRotation.w
      value: 0.8728468
      objectReference: {fileID: 0}
    - target: {fileID: 400000, guid: 702b974b6cefc43fd957e67a9521bd55, type: 3}
      propertyPath: m_RootOrder
      value: 3
      objectReference: {fileID: 0}
    - target: {fileID: 100000, guid: 702b974b6cefc43fd957e67a9521bd55, type: 3}
      propertyPath: m_Name
      value: NorthernLightsCurtain (1)
      objectReference: {fileID: 0}
    - target: {fileID: 400000, guid: 702b974b6cefc43fd957e67a9521bd55, type: 3}
      propertyPath: m_LocalEulerAnglesHint.y
      value: -58.417004
      objectReference: {fileID: 0}
    - target: {fileID: 400000, guid: 702b974b6cefc43fd957e67a9521bd55, type: 3}
      propertyPath: m_LocalEulerAnglesHint.x
      value: 0.344
      objectReference: {fileID: 0}
    - target: {fileID: 400000, guid: 702b974b6cefc43fd957e67a9521bd55, type: 3}
      propertyPath: m_LocalEulerAnglesHint.z
      value: -0.275
      objectReference: {fileID: 0}
    m_RemovedComponents: []
  m_ParentPrefab: {fileID: 100100000, guid: 702b974b6cefc43fd957e67a9521bd55, type: 3}
  m_RootGameObject: {fileID: 1611772128}
  m_IsPrefabParent: 0
